@Misc{chandrasekaran18:_algeb,
  key =       {Algebraic effect handlers go mainstream},
  author =    {Sivaramakrishnan Krishnamoorthy Chandrasekaran and Daan Leijen and Matija Pretnar and Tom Schrijvers},
  title =     {Algebraic effect handlers go mainstream},
  howpublished = {Dagstuhl seminar 18172},
  month =     {April},
  year =      2018,
  note =      {\url{https://www.dagstuhl.de/18172}}}

@article{Pretnar15,
  author    = {Matija Pretnar},
  title     = {An Introduction to Algebraic Effects and Handlers. Invited tutorial paper},
  journal   = {Electronic Notes in Theoretical Computer Science},
  volume    = 319,
  pages     = {19--35},
  year      = 2015
}